<?xml version="1.0" encoding="UTF-8"?><collection xmlns="http://www.loc.gov/MARC21/slim"><record><leader>00374nam--2200133-i-4500</leader><controlfield tag="001">000008563</controlfield><controlfield tag="002">20161230</controlfield><controlfield tag="005">20161230201027</controlfield><controlfield tag="008">060222s1000------------r-----000-0-eng-d</controlfield><datafield ind1=" " ind2=" " tag="080"><subfield code="a">539.12</subfield></datafield><datafield ind1=" " ind2=" " tag="100"><subfield code="a">Bassetto, A.And Paccanoni, F</subfield></datafield><datafield ind1=" " ind2=" " tag="245"><subfield code="a">Wiener-hopf method and generalized integral transforms</subfield></datafield><datafield ind1=" " ind2=" " tag="260"><subfield code="a">Padova, Instituto Di Fisica, 1968 12 P. + 3 Fig</subfield></datafield><datafield ind1=" " ind2=" " tag="852"><subfield code="a">28844</subfield></datafield></record></collection>